
@book{naturalHandbook,
author={G. Rozenberg and T.H.W. Bäck ,J.N. Kok, Eds},
title={Handbook of Natural Computing},
publisher={Springer},
year={2012}
}

@article{Lympero,
title = "Online social contagion modeling through the dynamics of Integrate-and-Fire neurons",
journal = "Information Sciences",
volume = "320",
pages = "26 - 61",
year = "2015",
issn = "0020-0255",
doi = "https://doi.org/10.1016/j.ins.2015.05.004",
url = "http://www.sciencedirect.com/science/article/pii/S002002551500362X",
author = "Ilias N. Lymperopoulos and George D. Ioannou",
}

@article{Kriener,
author = {Kriener, Birgit and Enger, Håkon and Tetzlaff, Tom and Plesser, Hans and Gewaltig, Marc-Oliver and Einevoll, Gaute},
year = {2014},
month = {10},
pages = {136},
title = {Dynamics of self-sustained asynchronous-irregular activity in random networks of spiking neurons with strong synapses},
volume = {8},
journal = {Frontiers in Computational Neuroscience},
doi = {10.3389/fncom.2014.00136}
}

@misc
{git,
author={Je sais pas},
title={Tutoriel Git},
note={www.git.com}
}

@misc
{ref4,
author={Les Zéros},
title={Le site du zéro},
month={jun},
year={2009},
note={www.siteduzero.com}
}


@Article{ref,
author={Durand, Patrick AND Durand, René},
journal={Le beau journal},
title={Les tomates tueuses},
year={2007},
month={jan},
pages={24},
notes={sympathique}
}



@manual
{ref2,
title={Réparer son vaisseau},
author={Dupont, Nestor},
year={2009},
organization={L'Alliance}
}


@phdthesis
{ref5,
title={La belle thèse},
author={Barbu, Monsieur},
school={Université},
year={2002}
}
